<record><leader>00000cas a22000007a 4500</leader><controlfield tag="001">12961368</controlfield><controlfield tag="008">851231d18751875inuwr ne      0    0eng d</controlfield><datafield ind1=" " ind2=" " tag="010"><subfield code="a">sn 85048283 </subfield></datafield><datafield ind1=" " ind2=" " tag="040"><subfield code="a">NPI</subfield><subfield code="b">eng</subfield><subfield code="c">NPI</subfield><subfield code="d">OCLCQ</subfield></datafield><datafield ind1=" " ind2=" " tag="042"><subfield code="a">msc</subfield></datafield><datafield ind1="0" ind2=" " tag="130"><subfield code="a">Dublin times (Dublin, Ind.)</subfield></datafield><datafield ind1="1" ind2="4" tag="245"><subfield code="a">The Dublin times.</subfield></datafield><datafield ind1=" " ind2=" " tag="260"><subfield code="a">Dublin, Ind. :</subfield><subfield code="b">Chas. S. McNichols &amp; H.E. Statzell</subfield></datafield><datafield ind1=" " ind2=" " tag="300"><subfield code="a">v. :</subfield><subfield code="b">ill. (chiefly advertisements) ;</subfield><subfield code="c">51 cm.</subfield></datafield><datafield ind1=" " ind2=" " tag="310"><subfield code="a">Weekly</subfield></datafield><datafield ind1="1" ind2=" " tag="362"><subfield code="a">Began in Apr. 1875.</subfield></datafield><datafield ind1="0" ind2=" " tag="362"><subfield code="a">-July 21, 1875.</subfield></datafield><datafield ind1=" " ind2=" " tag="500"><subfield code="a">Established by C.S. McNichols and H.E. Statzell.</subfield></datafield><datafield ind1=" " ind2=" " tag="500"><subfield code="a">Published by: Chas. S. McNichols &amp; Chas. S. Albert, &lt;June 23, 1875&gt;-July 21, 1875.</subfield></datafield><datafield ind1=" " ind2=" " tag="500"><subfield code="a">"Pro-Republican party."</subfield></datafield><datafield ind1=" " ind2=" " tag="588"><subfield code="a">Description based on: Vol. 1, no. 4 (May 5, 1875).</subfield></datafield><datafield ind1=" " ind2=" " tag="752"><subfield code="a">United States</subfield><subfield code="b">Indiana</subfield><subfield code="c">Wayne</subfield><subfield code="d">Dublin.</subfield></datafield><datafield ind1="1" ind2=" " tag="029"><subfield code="a">AU@</subfield><subfield code="b">000025841435</subfield></datafield></record>